@unpublished{Detlef1,
  Author = {Detlef Plump},
  Title = {Computing by Graph Transformation},
  Note = {http://www-module.cs.york.ac.uk/grat/Lectures/II.pdf},
  Year = {2012}
}
@book{Skiena,
  Author = {Steven S. Skiena},
  Title = {The Algorithm Design Manual},
  Publisher = {Springer},
  Year = {2008}
}
@techreport{Ranjan,
  Author = {Anuja Ranjan},
  Title = {Grammar-based Generation of Random Graphs},
  Institution = {University of York},
  Year = {2011}
}
